%% ----------------------------------------------------------------
%% UOS.bib
%% ---------------------------------------------------------------- 
@MISC{Dataset, 
        title =   {Traffic Prediction Dataset},
        url =     {https://tianchi.aliyun.com/dataset/dataDetail?dataId=1079},
        author =  {Tianchi},
        year =    {2018}
}

@book{Bishop,
        author         = {Christopher M. Bishop},
        publisher      = {springer},
        title          = {Pattern Recognition and Machine Learning},
        year           = {2006}
}

@book{Murphy,
        title           = {Machine Learning: A Probabilistic Perspective},
        author          = {Murphy, Kevin P},
        year            = {2012},
        publisher       = {MIT press Cambridge}
}

@book{Hyndman,
        title           = {Forecasting: principles and practice, 2nd edition},
        author          = {Hyndman, R.J.},
        year            = {2012},
        publisher       = {OTexts: Melbourne, Australia}
}

@article{Kocadağlı,
author = {Kocadağlı, Ozan and Aşıkgil, Barış},
year = {2014},
month = {11},
pages = {6596–6610},
title = {Nonlinear time series forecasting with Bayesian neural networks},
volume = {41},
journal = {Expert Systems with Applications},
doi = {10.1016/j.eswa.2014.04.035}
}

@MISC{activation, 
        title =   {Hands-on Machine Learning with Scikit-Learn, Keras and Tensorflow},
        url =     {https://www.vlebooks.com/Product/Index/1609613},
        author =  {A. Geron},
        year =    {2019}
}

@MISC{rnnplot, 
        title =   {Visualizations of RNN units Diagrams of RNN unrolling, LSTM and GRU.},
        url =     {https://kvitajakub.github.io/2016/04/14/rnn-diagrams/},
        author =  {Jakub Kvita},
        year =    {2016}
}

@misc{ribeiro2020exploding,
      title={Beyond exploding and vanishing gradients: analysing RNN training using attractors and smoothness}, 
      author={Antônio H. Ribeiro and Koen Tiels and Luis A. Aguirre and Thomas B. Schön},
      year={2020},
      eprint={1906.08482},
      archivePrefix={arXiv},
      primaryClass={cs.LG}
}

@article{lstm,
author = {Hochreiter Sepp and Schmidhuber Jürgen},
year = {1997},
month = {12},
pages = {1735-80},
title = {Long Short-term Memory},
volume = {9},
journal = {Neural computation},
doi = {10.1162/neco.1997.9.8.1735}
}

@article{TIAN2018297,
title = {LSTM-based traffic flow prediction with missing data},
journal = {Neurocomputing},
volume = {318},
pages = {297-305},
year = {2018},
issn = {0925-2312},
doi = {https://doi.org/10.1016/j.neucom.2018.08.067},
url = {https://www.sciencedirect.com/science/article/pii/S0925231218310294},
author = {Yan Tian and Kaili Zhang and Jianyuan Li and Xianxuan Lin and Bailin Yang},
}

@INPROCEEDINGS{8560205,
  author={Zhene, Zou and Hao, Peng and Lin, Liu and Guixi, Xiong and Du, Bowen and Bhuiyan, Md Zakirul Alam and Long, Yuntao and Li, Da},
  booktitle={2018 IEEE SmartWorld, Ubiquitous Intelligence and Computing, Advanced and Trusted Computing, Scalable Computing and Communications, Cloud and Big Data Computing, Internet of People and Smart City Innovation (SmartWorld/SCALCOM/UIC/ATC/CBDCom/IOP/SCI)}, 
  title={Deep Convolutional Mesh RNN for Urban Traffic Passenger Flows Prediction}, 
  year={2018},
  volume={},
  number={},
  pages={1305-1310},
  doi={10.1109/SmartWorld.2018.00227}
}

@article{DBLP:journals/corr/abs-1709-04875,
  author       = {Bing Yu and
                  Haoteng Yin and
                  Zhanxing Zhu},
  title        = {Spatio-temporal Graph Convolutional Neural Network: {A} Deep Learning
                  Framework for Traffic Forecasting},
  journal      = {CoRR},
  volume       = {abs/1709.04875},
  year         = {2017},
  url          = {http://arxiv.org/abs/1709.04875},
  eprinttype    = {arXiv},
  eprint       = {1709.04875},
  timestamp    = {Mon, 13 Aug 2018 16:47:55 +0200},
  biburl       = {https://dblp.org/rec/journals/corr/abs-1709-04875.bib},
  bibsource    = {dblp computer science bibliography, https://dblp.org}
}

@misc{lipton2015critical,
      title={A Critical Review of Recurrent Neural Networks for Sequence Learning}, 
      author={Zachary C. Lipton and John Berkowitz and Charles Elkan},
      year={2015},
      eprint={1506.00019},
      archivePrefix={arXiv},
      primaryClass={cs.LG}
}